@article{huang2022analysis,
  title={Analysis and suppression of self-excited oscillations in pressure servo valve system},
  author={Huang, Jian and Zhang, Qiwei and Zhao, Fan and Liu, Xiangyu and Wang, Tianyi},
  journal={Applied Sciences},
  volume={12},
  number={17},
  pages={8477},
  year={2022},
  publisher={MDPI}
}

@techreport{matos2022aircraft,
  title={Aircraft Brake System Simulation},
  author={Matos, Marcondes Azevedo and Cadete, Vanessa Cunha Mendes},
  year={2022},
  institution={SAE Technical Paper}
}