@article{hales2001honeycomb,
  title={The honeycomb conjecture},
  author={Hales, Thomas C},
  journal={Discrete \& computational geometry},
  volume={25},
  pages={1--22},
  year={2001},
  publisher={Springer}
}

@article{masters1996perimeter,
  title={The perimeter-minimizing enclosure of two areas in S 2},
  author={Masters, Joseph D},
  year={1996}
}

@article{quinn2007least,
  title={Least-perimeter partitions of the sphere},
  author={Quinn, Conor},
  journal={Rose-Hulman Undergraduate Mathematics Journal},
  volume={8},
  number={2},
  pages={11},
  year={2007}
}

@article{cox2010minimal,
  title={The Minimal Perimeter for $ N $ Confined Deformable Bubbles of Equal Area},
  author={Cox, Simon J and Flikkema, Edwin},
  journal={the electronic journal of combinatorics},
  pages={R45--R45},
  year={2010}
}

@article{sutskever2014sequence,
  title={Sequence to Sequence Learning with Neural Networks},
  author={Sutskever, I},
  journal={arXiv preprint arXiv:1409.3215},
  year={2014}
}

@article{scarselli2008graph,
  title={The graph neural network model},
  author={Scarselli, Franco and Gori, Marco and Tsoi, Ah Chung and Hagenbuchner, Markus and Monfardini, Gabriele},
  journal={IEEE transactions on neural networks},
  volume={20},
  number={1},
  pages={61--80},
  year={2008},
  publisher={IEEE}
}

@article{bello2016neural,
  title={Neural combinatorial optimization with reinforcement learning},
  author={Bello, Irwan and Pham, Hieu and Le, Quoc V and Norouzi, Mohammad and Bengio, Samy},
  journal={arXiv preprint arXiv:1611.09940},
  year={2016}
}

@article{nowak2017note,
  title={A note on learning algorithms for quadratic assignment with graph neural networks},
  author={Nowak, Alex and Villar, Soledad and Bandeira, Afonso S and Bruna, Joan},
  journal={stat},
  volume={1050},
  pages={22},
  year={2017}
}

@article{ashish2017attention,
  title={Attention is all you need},
  author={Ashish, Vaswani},
  journal={Advances in neural information processing systems},
  volume={30},
  pages={I},
  year={2017}
}

@article{kool2018attention,
  title={Attention, learn to solve routing problems!},
  author={Kool, Wouter and Van Hoof, Herke and Welling, Max},
  journal={arXiv preprint arXiv:1803.08475},
  year={2018}
}

@inproceedings{deudon2018learning,
  title={Learning heuristics for the tsp by policy gradient},
  author={Deudon, Michel and Cournut, Pierre and Lacoste, Alexandre and Adulyasak, Yossiri and Rousseau, Louis-Martin},
  booktitle={Integration of Constraint Programming, Artificial Intelligence, and Operations Research: 15th International Conference, CPAIOR 2018, Delft, The Netherlands, June 26--29, 2018, Proceedings 15},
  pages={170--181},
  year={2018},
  organization={Springer}
}

@article{li2020deep,
  title={Deep reinforcement learning for multiobjective optimization},
  author={Li, Kaiwen and Zhang, Tao and Wang, Rui},
  journal={IEEE transactions on cybernetics},
  volume={51},
  number={6},
  pages={3103--3114},
  year={2020},
  publisher={IEEE}
}

@article{lillicrap2015continuous,
  title={Continuous control with deep reinforcement learning},
  author={Lillicrap, TP},
  journal={arXiv preprint arXiv:1509.02971},
  year={2015}
}

@article{manna2022learning,
  title={Learning in continuous action space for developing high dimensional potential energy models},
  author={Manna, Sukriti and Loeffler, Troy D and Batra, Rohit and Banik, Suvo and Chan, Henry and Varughese, Bilvin and Sasikumar, Kiran and Sternberg, Michael and Peterka, Tom and Cherukara, Mathew J and others},
  journal={Nature communications},
  volume={13},
  number={1},
  pages={368},
  year={2022},
  publisher={Nature Publishing Group UK London}
}
