@article{hales2001honeycomb,
  title={The honeycomb conjecture},
  author={Hales, Thomas C},
  journal={Discrete \& computational geometry},
  volume={25},
  pages={1--22},
  year={2001},
  publisher={Springer}
}

@article{masters1996perimeter,
  title={The perimeter-minimizing enclosure of two areas in S 2},
  author={Masters, Joseph D},
  year={1996}
}

@article{quinn2007least,
  title={Least-perimeter partitions of the sphere},
  author={Quinn, Conor},
  journal={Rose-Hulman Undergraduate Mathematics Journal},
  volume={8},
  number={2},
  pages={11},
  year={2007}
}

@article{cox2010minimal,
  title={The Minimal Perimeter for $ N $ Confined Deformable Bubbles of Equal Area},
  author={Cox, Simon J and Flikkema, Edwin},
  journal={the electronic journal of combinatorics},
  pages={R45--R45},
  year={2010}
}

@inproceedings{caroli2010robust,
  title={Robust and efficient Delaunay triangulations of points on or close to a sphere},
  author={Caroli, Manuel and de Castro, Pedro MM and Loriot, S{\'e}bastien and Rouiller, Olivier and Teillaud, Monique and Wormser, Camille},
  booktitle={Experimental Algorithms: 9th International Symposium, SEA 2010, Ischia Island, Naples, Italy, May 20-22, 2010. Proceedings 9},
  pages={462--473},
  year={2010},
  organization={Springer}
}

@inproceedings{lee2020monte,
  title={Monte-carlo tree search in continuous action spaces with value gradients},
  author={Lee, Jongmin and Jeon, Wonseok and Kim, Geon-Hyeong and Kim, Kee-Eung},
  booktitle={Proceedings of the AAAI conference on artificial intelligence},
  volume={34},
  number={04},
  pages={4561--4568},
  year={2020}
}

@inproceedings{michelucci2024improving,
  title={Improving continuous Monte Carlo Tree Search for identifying parameters in hybrid gene regulatory networks},
  author={Michelucci, Romain and Pallez, Denis and Cazenave, Tristan and Comet, Jean-Paul},
  booktitle={International Conference on Parallel Problem Solving from Nature},
  pages={319--334},
  year={2024},
  organization={Springer}
}

@inproceedings{wang2012multi,
  title={Multi-objective monte-carlo tree search},
  author={Wang, Weijia and Sebag, Michele},
  booktitle={Asian conference on machine learning},
  pages={507--522},
  year={2012},
  organization={PMLR}
}

@inproceedings{lei2021kb,
  title={Kb-tree: Learnable and continuous monte-carlo tree search for autonomous driving planning},
  author={Lei, Lanxin and Luo, Ruiming and Zheng, Renjie and Wang, Jingke and Zhang, JianWei and Qiu, Cong and Ma, Liulong and Jin, Liyang and Zhang, Ping and Chen, Junbo},
  booktitle={2021 IEEE/RSJ International Conference on Intelligent Robots and Systems (IROS)},
  pages={4493--4500},
  year={2021},
  organization={IEEE}
}

@article{manna2022learning,
  title={Learning in continuous action space for developing high dimensional potential energy models},
  author={Manna, Sukriti and Loeffler, Troy D and Batra, Rohit and Banik, Suvo and Chan, Henry and Varughese, Bilvin and Sasikumar, Kiran and Sternberg, Michael and Peterka, Tom and Cherukara, Mathew J and others},
  journal={Nature communications},
  volume={13},
  number={1},
  pages={368},
  year={2022},
  publisher={Nature Publishing Group UK London}
}

@inproceedings{coulom2006efficient,
  title={Efficient selectivity and backup operators in Monte-Carlo tree search},
  author={Coulom, R{\'e}mi},
  booktitle={International conference on computers and games},
  pages={72--83},
  year={2006},
  organization={Springer}
}